%YAML 1.1
%TAG !u! tag:unity3d.com,2011:
--- !u!114 &8767505199872058076
MonoBehaviour:
  m_ObjectHideFlags: 0
  m_CorrespondingSourceObject: {fileID: 0}
  m_PrefabInstance: {fileID: 0}
  m_PrefabAsset: {fileID: 0}
  m_GameObject: {fileID: 5867056805292346306}
  m_Enabled: 1
  m_EditorHideFlags: 0
  m_Script: {fileID: 11500000, guid: 306cc8c2b49d7114eaa3623786fc2126, type: 3}
  m_Name: 
  m_EditorClassIdentifier: 
  m_IgnoreLayout: 0
  m_MinWidth: -1
  m_MinHeight: -1
  m_PreferredWidth: 1200
  m_PreferredHeight: -1
  m_FlexibleWidth: -1
  m_FlexibleHeight: -1
  m_LayoutPriority: 1
--- !u!114 &4721782963948469048
MonoBehaviour:
  m_ObjectHideFlags: 0
  m_CorrespondingSourceObject: {fileID: 0}
  m_PrefabInstance: {fileID: 0}
  m_PrefabAsset: {fileID: 0}
  m_GameObject: {fileID: 6706662840882378404}
  m_Enabled: 1
  m_EditorHideFlags: 0
  m_Script: {fileID: 11500000, guid: 306cc8c2b49d7114eaa3623786fc2126, type: 3}
  m_Name: 
  m_EditorClassIdentifier: 
  m_IgnoreLayout: 0
  m_MinWidth: -1
  m_MinHeight: -1
  m_PreferredWidth: 1200
  m_PreferredHeight: -1
  m_FlexibleWidth: -1
  m_FlexibleHeight: -1
  m_LayoutPriority: 1
--- !u!114 &8504852012952559654
MonoBehaviour:
  m_ObjectHideFlags: 0
  m_CorrespondingSourceObject: {fileID: 0}
  m_PrefabInstance: {fileID: 0}
  m_PrefabAsset: {fileID: 0}
  m_GameObject: {fileID: 6257743621139320368}
  m_Enabled: 1
  m_EditorHideFlags: 0
  m_Script: {fileID: 11500000, guid: 306cc8c2b49d7114eaa3623786fc2126, type: 3}
  m_Name: 
  m_EditorClassIdentifier: 
  m_IgnoreLayout: 0
  m_MinWidth: -1
  m_MinHeight: -1
  m_PreferredWidth: 100
  m_PreferredHeight: -1
  m_FlexibleWidth: -1
  m_FlexibleHeight: -1
  m_LayoutPriority: 1
--- !u!1 &8326218012684719544
GameObject:
  m_ObjectHideFlags: 0
  m_CorrespondingSourceObject: {fileID: 0}
  m_PrefabInstance: {fileID: 0}
  m_PrefabAsset: {fileID: 0}
  serializedVersion: 6
  m_Component:
  - component: {fileID: 4263700347777220695}
  - component: {fileID: 5168914871932568618}
  m_Layer: 5
  m_Name: Stage&Score
  m_TagString: Untagged
  m_Icon: {fileID: 0}
  m_NavMeshLayer: 0
  m_StaticEditorFlags: 0
  m_IsActive: 1
--- !u!224 &4263700347777220695
RectTransform:
  m_ObjectHideFlags: 0
  m_CorrespondingSourceObject: {fileID: 0}
  m_PrefabInstance: {fileID: 0}
  m_PrefabAsset: {fileID: 0}
  m_GameObject: {fileID: 8326218012684719544}
  m_LocalRotation: {x: 0, y: 0, z: 0, w: 1}
  m_LocalPosition: {x: 0, y: 0, z: 0}
  m_LocalScale: {x: 1, y: 1, z: 1}
  m_Children:
  - {fileID: 7979709207595333422}
  - {fileID: 6265105243775497490}
  - {fileID: 7117020537666406984}
  m_Father: {fileID: 0}
  m_RootOrder: 0
  m_LocalEulerAnglesHint: {x: 0, y: 0, z: 0}
  m_AnchorMin: {x: 0, y: 0.5}
  m_AnchorMax: {x: 1, y: 0.5}
  m_AnchoredPosition: {x: 0, y: 172}
  m_SizeDelta: {x: 0, y: 167.1}
  m_Pivot: {x: 0.5, y: 0.5}
--- !u!114 &5168914871932568618
MonoBehaviour:
  m_ObjectHideFlags: 0
  m_CorrespondingSourceObject: {fileID: 0}
  m_PrefabInstance: {fileID: 0}
  m_PrefabAsset: {fileID: 0}
  m_GameObject: {fileID: 8326218012684719544}
  m_Enabled: 1
  m_EditorHideFlags: 0
  m_Script: {fileID: 11500000, guid: 30649d3a9faa99c48a7b1166b86bf2a0, type: 3}
  m_Name: 
  m_EditorClassIdentifier: 
  m_Padding:
    m_Left: 0
    m_Right: 0
    m_Top: 0
    m_Bottom: 0
  m_ChildAlignment: 0
  m_Spacing: 30
  m_ChildForceExpandWidth: 1
  m_ChildForceExpandHeight: 1
  m_ChildControlWidth: 1
  m_ChildControlHeight: 1
  m_ChildScaleWidth: 0
  m_ChildScaleHeight: 0
--- !u!1001 &1202137490954741678
PrefabInstance:
  m_ObjectHideFlags: 0
  serializedVersion: 2
  m_Modification:
    m_TransformParent: {fileID: 4263700347777220695}
    m_Modifications:
    - target: {fileID: 173136992487138481, guid: fd9807a5e8671eb4f98d34718bf76e39,
        type: 3}
      propertyPath: m_Text
      value: STAGE 00
      objectReference: {fileID: 0}
    - target: {fileID: 173136992487138481, guid: fd9807a5e8671eb4f98d34718bf76e39,
        type: 3}
      propertyPath: m_FontData.m_BestFit
      value: 1
      objectReference: {fileID: 0}
    - target: {fileID: 173136992487138481, guid: fd9807a5e8671eb4f98d34718bf76e39,
        type: 3}
      propertyPath: m_FontData.m_MaxSize
      value: 50
      objectReference: {fileID: 0}
    - target: {fileID: 173136992487138481, guid: fd9807a5e8671eb4f98d34718bf76e39,
        type: 3}
      propertyPath: m_Color.r
      value: 1
      objectReference: {fileID: 0}
    - target: {fileID: 173136992487138481, guid: fd9807a5e8671eb4f98d34718bf76e39,
        type: 3}
      propertyPath: m_Color.g
      value: 1
      objectReference: {fileID: 0}
    - target: {fileID: 173136992487138481, guid: fd9807a5e8671eb4f98d34718bf76e39,
        type: 3}
      propertyPath: m_Color.b
      value: 1
      objectReference: {fileID: 0}
    - target: {fileID: 173136992487138481, guid: fd9807a5e8671eb4f98d34718bf76e39,
        type: 3}
      propertyPath: m_FontData.m_FontStyle
      value: 1
      objectReference: {fileID: 0}
    - target: {fileID: 173136992487138481, guid: fd9807a5e8671eb4f98d34718bf76e39,
        type: 3}
      propertyPath: m_FontData.m_Alignment
      value: 5
      objectReference: {fileID: 0}
    - target: {fileID: 4739230164300622956, guid: fd9807a5e8671eb4f98d34718bf76e39,
        type: 3}
      propertyPath: m_Name
      value: Stage-Text
      objectReference: {fileID: 0}
    - target: {fileID: 9084682471553585280, guid: fd9807a5e8671eb4f98d34718bf76e39,
        type: 3}
      propertyPath: m_LocalPosition.x
      value: 0
      objectReference: {fileID: 0}
    - target: {fileID: 9084682471553585280, guid: fd9807a5e8671eb4f98d34718bf76e39,
        type: 3}
      propertyPath: m_LocalPosition.y
      value: 0
      objectReference: {fileID: 0}
    - target: {fileID: 9084682471553585280, guid: fd9807a5e8671eb4f98d34718bf76e39,
        type: 3}
      propertyPath: m_LocalPosition.z
      value: 0
      objectReference: {fileID: 0}
    - target: {fileID: 9084682471553585280, guid: fd9807a5e8671eb4f98d34718bf76e39,
        type: 3}
      propertyPath: m_LocalRotation.x
      value: 0
      objectReference: {fileID: 0}
    - target: {fileID: 9084682471553585280, guid: fd9807a5e8671eb4f98d34718bf76e39,
        type: 3}
      propertyPath: m_LocalRotation.y
      value: 0
      objectReference: {fileID: 0}
    - target: {fileID: 9084682471553585280, guid: fd9807a5e8671eb4f98d34718bf76e39,
        type: 3}
      propertyPath: m_LocalRotation.z
      value: 0
      objectReference: {fileID: 0}
    - target: {fileID: 9084682471553585280, guid: fd9807a5e8671eb4f98d34718bf76e39,
        type: 3}
      propertyPath: m_LocalRotation.w
      value: 1
      objectReference: {fileID: 0}
    - target: {fileID: 9084682471553585280, guid: fd9807a5e8671eb4f98d34718bf76e39,
        type: 3}
      propertyPath: m_RootOrder
      value: 0
      objectReference: {fileID: 0}
    - target: {fileID: 9084682471553585280, guid: fd9807a5e8671eb4f98d34718bf76e39,
        type: 3}
      propertyPath: m_LocalEulerAnglesHint.x
      value: 0
      objectReference: {fileID: 0}
    - target: {fileID: 9084682471553585280, guid: fd9807a5e8671eb4f98d34718bf76e39,
        type: 3}
      propertyPath: m_LocalEulerAnglesHint.y
      value: 0
      objectReference: {fileID: 0}
    - target: {fileID: 9084682471553585280, guid: fd9807a5e8671eb4f98d34718bf76e39,
        type: 3}
      propertyPath: m_LocalEulerAnglesHint.z
      value: 0
      objectReference: {fileID: 0}
    - target: {fileID: 9084682471553585280, guid: fd9807a5e8671eb4f98d34718bf76e39,
        type: 3}
      propertyPath: m_AnchoredPosition.x
      value: 0
      objectReference: {fileID: 0}
    - target: {fileID: 9084682471553585280, guid: fd9807a5e8671eb4f98d34718bf76e39,
        type: 3}
      propertyPath: m_AnchoredPosition.y
      value: 0
      objectReference: {fileID: 0}
    - target: {fileID: 9084682471553585280, guid: fd9807a5e8671eb4f98d34718bf76e39,
        type: 3}
      propertyPath: m_SizeDelta.x
      value: 0
      objectReference: {fileID: 0}
    - target: {fileID: 9084682471553585280, guid: fd9807a5e8671eb4f98d34718bf76e39,
        type: 3}
      propertyPath: m_SizeDelta.y
      value: 0
      objectReference: {fileID: 0}
    - target: {fileID: 9084682471553585280, guid: fd9807a5e8671eb4f98d34718bf76e39,
        type: 3}
      propertyPath: m_AnchorMin.x
      value: 0
      objectReference: {fileID: 0}
    - target: {fileID: 9084682471553585280, guid: fd9807a5e8671eb4f98d34718bf76e39,
        type: 3}
      propertyPath: m_AnchorMin.y
      value: 0
      objectReference: {fileID: 0}
    - target: {fileID: 9084682471553585280, guid: fd9807a5e8671eb4f98d34718bf76e39,
        type: 3}
      propertyPath: m_AnchorMax.x
      value: 0
      objectReference: {fileID: 0}
    - target: {fileID: 9084682471553585280, guid: fd9807a5e8671eb4f98d34718bf76e39,
        type: 3}
      propertyPath: m_AnchorMax.y
      value: 0
      objectReference: {fileID: 0}
    - target: {fileID: 9084682471553585280, guid: fd9807a5e8671eb4f98d34718bf76e39,
        type: 3}
      propertyPath: m_Pivot.x
      value: 0.5
      objectReference: {fileID: 0}
    - target: {fileID: 9084682471553585280, guid: fd9807a5e8671eb4f98d34718bf76e39,
        type: 3}
      propertyPath: m_Pivot.y
      value: 0.5
      objectReference: {fileID: 0}
    m_RemovedComponents: []
  m_SourcePrefab: {fileID: 100100000, guid: fd9807a5e8671eb4f98d34718bf76e39, type: 3}
--- !u!1 &5867056805292346306 stripped
GameObject:
  m_CorrespondingSourceObject: {fileID: 4739230164300622956, guid: fd9807a5e8671eb4f98d34718bf76e39,
    type: 3}
  m_PrefabInstance: {fileID: 1202137490954741678}
  m_PrefabAsset: {fileID: 0}
--- !u!224 &7979709207595333422 stripped
RectTransform:
  m_CorrespondingSourceObject: {fileID: 9084682471553585280, guid: fd9807a5e8671eb4f98d34718bf76e39,
    type: 3}
  m_PrefabInstance: {fileID: 1202137490954741678}
  m_PrefabAsset: {fileID: 0}
--- !u!1001 &2078405642710637256
PrefabInstance:
  m_ObjectHideFlags: 0
  serializedVersion: 2
  m_Modification:
    m_TransformParent: {fileID: 4263700347777220695}
    m_Modifications:
    - target: {fileID: 173136992487138481, guid: fd9807a5e8671eb4f98d34718bf76e39,
        type: 3}
      propertyPath: m_Text
      value: SCORE 00
      objectReference: {fileID: 0}
    - target: {fileID: 173136992487138481, guid: fd9807a5e8671eb4f98d34718bf76e39,
        type: 3}
      propertyPath: m_FontData.m_BestFit
      value: 1
      objectReference: {fileID: 0}
    - target: {fileID: 173136992487138481, guid: fd9807a5e8671eb4f98d34718bf76e39,
        type: 3}
      propertyPath: m_FontData.m_MaxSize
      value: 50
      objectReference: {fileID: 0}
    - target: {fileID: 173136992487138481, guid: fd9807a5e8671eb4f98d34718bf76e39,
        type: 3}
      propertyPath: m_Color.r
      value: 1
      objectReference: {fileID: 0}
    - target: {fileID: 173136992487138481, guid: fd9807a5e8671eb4f98d34718bf76e39,
        type: 3}
      propertyPath: m_Color.g
      value: 1
      objectReference: {fileID: 0}
    - target: {fileID: 173136992487138481, guid: fd9807a5e8671eb4f98d34718bf76e39,
        type: 3}
      propertyPath: m_Color.b
      value: 1
      objectReference: {fileID: 0}
    - target: {fileID: 173136992487138481, guid: fd9807a5e8671eb4f98d34718bf76e39,
        type: 3}
      propertyPath: m_FontData.m_FontStyle
      value: 1
      objectReference: {fileID: 0}
    - target: {fileID: 173136992487138481, guid: fd9807a5e8671eb4f98d34718bf76e39,
        type: 3}
      propertyPath: m_FontData.m_Alignment
      value: 3
      objectReference: {fileID: 0}
    - target: {fileID: 4739230164300622956, guid: fd9807a5e8671eb4f98d34718bf76e39,
        type: 3}
      propertyPath: m_Name
      value: Score-Text
      objectReference: {fileID: 0}
    - target: {fileID: 9084682471553585280, guid: fd9807a5e8671eb4f98d34718bf76e39,
        type: 3}
      propertyPath: m_LocalPosition.x
      value: 0
      objectReference: {fileID: 0}
    - target: {fileID: 9084682471553585280, guid: fd9807a5e8671eb4f98d34718bf76e39,
        type: 3}
      propertyPath: m_LocalPosition.y
      value: 0
      objectReference: {fileID: 0}
    - target: {fileID: 9084682471553585280, guid: fd9807a5e8671eb4f98d34718bf76e39,
        type: 3}
      propertyPath: m_LocalPosition.z
      value: 0
      objectReference: {fileID: 0}
    - target: {fileID: 9084682471553585280, guid: fd9807a5e8671eb4f98d34718bf76e39,
        type: 3}
      propertyPath: m_LocalRotation.x
      value: 0
      objectReference: {fileID: 0}
    - target: {fileID: 9084682471553585280, guid: fd9807a5e8671eb4f98d34718bf76e39,
        type: 3}
      propertyPath: m_LocalRotation.y
      value: 0
      objectReference: {fileID: 0}
    - target: {fileID: 9084682471553585280, guid: fd9807a5e8671eb4f98d34718bf76e39,
        type: 3}
      propertyPath: m_LocalRotation.z
      value: 0
      objectReference: {fileID: 0}
    - target: {fileID: 9084682471553585280, guid: fd9807a5e8671eb4f98d34718bf76e39,
        type: 3}
      propertyPath: m_LocalRotation.w
      value: 1
      objectReference: {fileID: 0}
    - target: {fileID: 9084682471553585280, guid: fd9807a5e8671eb4f98d34718bf76e39,
        type: 3}
      propertyPath: m_RootOrder
      value: 2
      objectReference: {fileID: 0}
    - target: {fileID: 9084682471553585280, guid: fd9807a5e8671eb4f98d34718bf76e39,
        type: 3}
      propertyPath: m_LocalEulerAnglesHint.x
      value: 0
      objectReference: {fileID: 0}
    - target: {fileID: 9084682471553585280, guid: fd9807a5e8671eb4f98d34718bf76e39,
        type: 3}
      propertyPath: m_LocalEulerAnglesHint.y
      value: 0
      objectReference: {fileID: 0}
    - target: {fileID: 9084682471553585280, guid: fd9807a5e8671eb4f98d34718bf76e39,
        type: 3}
      propertyPath: m_LocalEulerAnglesHint.z
      value: 0
      objectReference: {fileID: 0}
    - target: {fileID: 9084682471553585280, guid: fd9807a5e8671eb4f98d34718bf76e39,
        type: 3}
      propertyPath: m_AnchoredPosition.x
      value: 0
      objectReference: {fileID: 0}
    - target: {fileID: 9084682471553585280, guid: fd9807a5e8671eb4f98d34718bf76e39,
        type: 3}
      propertyPath: m_AnchoredPosition.y
      value: 0
      objectReference: {fileID: 0}
    - target: {fileID: 9084682471553585280, guid: fd9807a5e8671eb4f98d34718bf76e39,
        type: 3}
      propertyPath: m_SizeDelta.x
      value: 0
      objectReference: {fileID: 0}
    - target: {fileID: 9084682471553585280, guid: fd9807a5e8671eb4f98d34718bf76e39,
        type: 3}
      propertyPath: m_SizeDelta.y
      value: 0
      objectReference: {fileID: 0}
    - target: {fileID: 9084682471553585280, guid: fd9807a5e8671eb4f98d34718bf76e39,
        type: 3}
      propertyPath: m_AnchorMin.x
      value: 0
      objectReference: {fileID: 0}
    - target: {fileID: 9084682471553585280, guid: fd9807a5e8671eb4f98d34718bf76e39,
        type: 3}
      propertyPath: m_AnchorMin.y
      value: 0
      objectReference: {fileID: 0}
    - target: {fileID: 9084682471553585280, guid: fd9807a5e8671eb4f98d34718bf76e39,
        type: 3}
      propertyPath: m_AnchorMax.x
      value: 0
      objectReference: {fileID: 0}
    - target: {fileID: 9084682471553585280, guid: fd9807a5e8671eb4f98d34718bf76e39,
        type: 3}
      propertyPath: m_AnchorMax.y
      value: 0
      objectReference: {fileID: 0}
    - target: {fileID: 9084682471553585280, guid: fd9807a5e8671eb4f98d34718bf76e39,
        type: 3}
      propertyPath: m_Pivot.x
      value: 0.5
      objectReference: {fileID: 0}
    - target: {fileID: 9084682471553585280, guid: fd9807a5e8671eb4f98d34718bf76e39,
        type: 3}
      propertyPath: m_Pivot.y
      value: 0.5
      objectReference: {fileID: 0}
    m_RemovedComponents: []
  m_SourcePrefab: {fileID: 100100000, guid: fd9807a5e8671eb4f98d34718bf76e39, type: 3}
--- !u!1 &6706662840882378404 stripped
GameObject:
  m_CorrespondingSourceObject: {fileID: 4739230164300622956, guid: fd9807a5e8671eb4f98d34718bf76e39,
    type: 3}
  m_PrefabInstance: {fileID: 2078405642710637256}
  m_PrefabAsset: {fileID: 0}
--- !u!224 &7117020537666406984 stripped
RectTransform:
  m_CorrespondingSourceObject: {fileID: 9084682471553585280, guid: fd9807a5e8671eb4f98d34718bf76e39,
    type: 3}
  m_PrefabInstance: {fileID: 2078405642710637256}
  m_PrefabAsset: {fileID: 0}
--- !u!1001 &2546797810520565677
PrefabInstance:
  m_ObjectHideFlags: 0
  serializedVersion: 2
  m_Modification:
    m_TransformParent: {fileID: 4263700347777220695}
    m_Modifications:
    - target: {fileID: 2833719700750573682, guid: ee9086892e2f6b54d912826877d14076,
        type: 3}
      propertyPath: m_Sprite
      value: 
      objectReference: {fileID: 10913, guid: 0000000000000000f000000000000000, type: 0}
    - target: {fileID: 2833719700750573682, guid: ee9086892e2f6b54d912826877d14076,
        type: 3}
      propertyPath: m_PreserveAspect
      value: 1
      objectReference: {fileID: 0}
    - target: {fileID: 8471257388654782877, guid: ee9086892e2f6b54d912826877d14076,
        type: 3}
      propertyPath: m_Name
      value: Generic-Image
      objectReference: {fileID: 0}
    - target: {fileID: 8478636643668906687, guid: ee9086892e2f6b54d912826877d14076,
        type: 3}
      propertyPath: m_LocalPosition.x
      value: 0
      objectReference: {fileID: 0}
    - target: {fileID: 8478636643668906687, guid: ee9086892e2f6b54d912826877d14076,
        type: 3}
      propertyPath: m_LocalPosition.y
      value: 0
      objectReference: {fileID: 0}
    - target: {fileID: 8478636643668906687, guid: ee9086892e2f6b54d912826877d14076,
        type: 3}
      propertyPath: m_LocalPosition.z
      value: 0
      objectReference: {fileID: 0}
    - target: {fileID: 8478636643668906687, guid: ee9086892e2f6b54d912826877d14076,
        type: 3}
      propertyPath: m_LocalRotation.x
      value: 0
      objectReference: {fileID: 0}
    - target: {fileID: 8478636643668906687, guid: ee9086892e2f6b54d912826877d14076,
        type: 3}
      propertyPath: m_LocalRotation.y
      value: 0
      objectReference: {fileID: 0}
    - target: {fileID: 8478636643668906687, guid: ee9086892e2f6b54d912826877d14076,
        type: 3}
      propertyPath: m_LocalRotation.z
      value: 0
      objectReference: {fileID: 0}
    - target: {fileID: 8478636643668906687, guid: ee9086892e2f6b54d912826877d14076,
        type: 3}
      propertyPath: m_LocalRotation.w
      value: 1
      objectReference: {fileID: 0}
    - target: {fileID: 8478636643668906687, guid: ee9086892e2f6b54d912826877d14076,
        type: 3}
      propertyPath: m_RootOrder
      value: 1
      objectReference: {fileID: 0}
    - target: {fileID: 8478636643668906687, guid: ee9086892e2f6b54d912826877d14076,
        type: 3}
      propertyPath: m_LocalEulerAnglesHint.x
      value: 0
      objectReference: {fileID: 0}
    - target: {fileID: 8478636643668906687, guid: ee9086892e2f6b54d912826877d14076,
        type: 3}
      propertyPath: m_LocalEulerAnglesHint.y
      value: 0
      objectReference: {fileID: 0}
    - target: {fileID: 8478636643668906687, guid: ee9086892e2f6b54d912826877d14076,
        type: 3}
      propertyPath: m_LocalEulerAnglesHint.z
      value: 0
      objectReference: {fileID: 0}
    - target: {fileID: 8478636643668906687, guid: ee9086892e2f6b54d912826877d14076,
        type: 3}
      propertyPath: m_AnchoredPosition.x
      value: 0
      objectReference: {fileID: 0}
    - target: {fileID: 8478636643668906687, guid: ee9086892e2f6b54d912826877d14076,
        type: 3}
      propertyPath: m_AnchoredPosition.y
      value: 0
      objectReference: {fileID: 0}
    - target: {fileID: 8478636643668906687, guid: ee9086892e2f6b54d912826877d14076,
        type: 3}
      propertyPath: m_SizeDelta.x
      value: 0
      objectReference: {fileID: 0}
    - target: {fileID: 8478636643668906687, guid: ee9086892e2f6b54d912826877d14076,
        type: 3}
      propertyPath: m_SizeDelta.y
      value: 0
      objectReference: {fileID: 0}
    - target: {fileID: 8478636643668906687, guid: ee9086892e2f6b54d912826877d14076,
        type: 3}
      propertyPath: m_AnchorMin.x
      value: 0
      objectReference: {fileID: 0}
    - target: {fileID: 8478636643668906687, guid: ee9086892e2f6b54d912826877d14076,
        type: 3}
      propertyPath: m_AnchorMin.y
      value: 0
      objectReference: {fileID: 0}
    - target: {fileID: 8478636643668906687, guid: ee9086892e2f6b54d912826877d14076,
        type: 3}
      propertyPath: m_AnchorMax.x
      value: 0
      objectReference: {fileID: 0}
    - target: {fileID: 8478636643668906687, guid: ee9086892e2f6b54d912826877d14076,
        type: 3}
      propertyPath: m_AnchorMax.y
      value: 0
      objectReference: {fileID: 0}
    - target: {fileID: 8478636643668906687, guid: ee9086892e2f6b54d912826877d14076,
        type: 3}
      propertyPath: m_Pivot.x
      value: 0.5
      objectReference: {fileID: 0}
    - target: {fileID: 8478636643668906687, guid: ee9086892e2f6b54d912826877d14076,
        type: 3}
      propertyPath: m_Pivot.y
      value: 0.5
      objectReference: {fileID: 0}
    m_RemovedComponents: []
  m_SourcePrefab: {fileID: 100100000, guid: ee9086892e2f6b54d912826877d14076, type: 3}
--- !u!1 &6257743621139320368 stripped
GameObject:
  m_CorrespondingSourceObject: {fileID: 8471257388654782877, guid: ee9086892e2f6b54d912826877d14076,
    type: 3}
  m_PrefabInstance: {fileID: 2546797810520565677}
  m_PrefabAsset: {fileID: 0}
--- !u!224 &6265105243775497490 stripped
RectTransform:
  m_CorrespondingSourceObject: {fileID: 8478636643668906687, guid: ee9086892e2f6b54d912826877d14076,
    type: 3}
  m_PrefabInstance: {fileID: 2546797810520565677}
  m_PrefabAsset: {fileID: 0}
