%YAML 1.1
%TAG !u! tag:unity3d.com,2011:
--- !u!1 &2604777453340299553
GameObject:
  m_ObjectHideFlags: 0
  m_CorrespondingSourceObject: {fileID: 0}
  m_PrefabInstance: {fileID: 0}
  m_PrefabAsset: {fileID: 0}
  serializedVersion: 6
  m_Component:
  - component: {fileID: 3071030240210786221}
  - component: {fileID: 1600824053547928960}
  m_Layer: 5
  m_Name: Text&Values
  m_TagString: Untagged
  m_Icon: {fileID: 0}
  m_NavMeshLayer: 0
  m_StaticEditorFlags: 0
  m_IsActive: 1
--- !u!224 &3071030240210786221
RectTransform:
  m_ObjectHideFlags: 0
  m_CorrespondingSourceObject: {fileID: 0}
  m_PrefabInstance: {fileID: 0}
  m_PrefabAsset: {fileID: 0}
  m_GameObject: {fileID: 2604777453340299553}
  m_LocalRotation: {x: 0, y: 0, z: 0, w: 1}
  m_LocalPosition: {x: 0, y: 0, z: 0}
  m_LocalScale: {x: 1, y: 1, z: 1}
  m_Children:
  - {fileID: 5442621390890623676}
  - {fileID: 2575106517558050355}
  m_Father: {fileID: 0}
  m_RootOrder: 0
  m_LocalEulerAnglesHint: {x: 0, y: 0, z: 0}
  m_AnchorMin: {x: 0, y: 0}
  m_AnchorMax: {x: 1, y: 1}
  m_AnchoredPosition: {x: 0, y: 0}
  m_SizeDelta: {x: 0, y: 0}
  m_Pivot: {x: 0.5, y: 0.5}
--- !u!114 &1600824053547928960
MonoBehaviour:
  m_ObjectHideFlags: 0
  m_CorrespondingSourceObject: {fileID: 0}
  m_PrefabInstance: {fileID: 0}
  m_PrefabAsset: {fileID: 0}
  m_GameObject: {fileID: 2604777453340299553}
  m_Enabled: 1
  m_EditorHideFlags: 0
  m_Script: {fileID: 11500000, guid: 30649d3a9faa99c48a7b1166b86bf2a0, type: 3}
  m_Name: 
  m_EditorClassIdentifier: 
  m_Padding:
    m_Left: 0
    m_Right: 0
    m_Top: 0
    m_Bottom: 0
  m_ChildAlignment: 0
  m_Spacing: 0
  m_ChildForceExpandWidth: 1
  m_ChildForceExpandHeight: 1
  m_ChildControlWidth: 1
  m_ChildControlHeight: 1
  m_ChildScaleWidth: 0
  m_ChildScaleHeight: 0
--- !u!1001 &3862775399877521980
PrefabInstance:
  m_ObjectHideFlags: 0
  serializedVersion: 2
  m_Modification:
    m_TransformParent: {fileID: 3071030240210786221}
    m_Modifications:
    - target: {fileID: 173136992487138481, guid: fd9807a5e8671eb4f98d34718bf76e39,
        type: 3}
      propertyPath: m_FontData.m_Alignment
      value: 5
      objectReference: {fileID: 0}
    - target: {fileID: 173136992487138481, guid: fd9807a5e8671eb4f98d34718bf76e39,
        type: 3}
      propertyPath: m_Color.r
      value: 1
      objectReference: {fileID: 0}
    - target: {fileID: 173136992487138481, guid: fd9807a5e8671eb4f98d34718bf76e39,
        type: 3}
      propertyPath: m_Color.g
      value: 1
      objectReference: {fileID: 0}
    - target: {fileID: 173136992487138481, guid: fd9807a5e8671eb4f98d34718bf76e39,
        type: 3}
      propertyPath: m_Color.b
      value: 1
      objectReference: {fileID: 0}
    - target: {fileID: 173136992487138481, guid: fd9807a5e8671eb4f98d34718bf76e39,
        type: 3}
      propertyPath: m_Text
      value: 'STAGE  '
      objectReference: {fileID: 0}
    - target: {fileID: 173136992487138481, guid: fd9807a5e8671eb4f98d34718bf76e39,
        type: 3}
      propertyPath: m_FontData.m_BestFit
      value: 1
      objectReference: {fileID: 0}
    - target: {fileID: 173136992487138481, guid: fd9807a5e8671eb4f98d34718bf76e39,
        type: 3}
      propertyPath: m_FontData.m_MaxSize
      value: 55
      objectReference: {fileID: 0}
    - target: {fileID: 173136992487138481, guid: fd9807a5e8671eb4f98d34718bf76e39,
        type: 3}
      propertyPath: m_FontData.m_FontStyle
      value: 1
      objectReference: {fileID: 0}
    - target: {fileID: 4739230164300622956, guid: fd9807a5e8671eb4f98d34718bf76e39,
        type: 3}
      propertyPath: m_Name
      value: Arial-Text
      objectReference: {fileID: 0}
    - target: {fileID: 9084682471553585280, guid: fd9807a5e8671eb4f98d34718bf76e39,
        type: 3}
      propertyPath: m_LocalPosition.x
      value: 0
      objectReference: {fileID: 0}
    - target: {fileID: 9084682471553585280, guid: fd9807a5e8671eb4f98d34718bf76e39,
        type: 3}
      propertyPath: m_LocalPosition.y
      value: 0
      objectReference: {fileID: 0}
    - target: {fileID: 9084682471553585280, guid: fd9807a5e8671eb4f98d34718bf76e39,
        type: 3}
      propertyPath: m_LocalPosition.z
      value: 0
      objectReference: {fileID: 0}
    - target: {fileID: 9084682471553585280, guid: fd9807a5e8671eb4f98d34718bf76e39,
        type: 3}
      propertyPath: m_LocalRotation.x
      value: -0
      objectReference: {fileID: 0}
    - target: {fileID: 9084682471553585280, guid: fd9807a5e8671eb4f98d34718bf76e39,
        type: 3}
      propertyPath: m_LocalRotation.y
      value: -0
      objectReference: {fileID: 0}
    - target: {fileID: 9084682471553585280, guid: fd9807a5e8671eb4f98d34718bf76e39,
        type: 3}
      propertyPath: m_LocalRotation.z
      value: -0
      objectReference: {fileID: 0}
    - target: {fileID: 9084682471553585280, guid: fd9807a5e8671eb4f98d34718bf76e39,
        type: 3}
      propertyPath: m_LocalRotation.w
      value: 1
      objectReference: {fileID: 0}
    - target: {fileID: 9084682471553585280, guid: fd9807a5e8671eb4f98d34718bf76e39,
        type: 3}
      propertyPath: m_RootOrder
      value: 0
      objectReference: {fileID: 0}
    - target: {fileID: 9084682471553585280, guid: fd9807a5e8671eb4f98d34718bf76e39,
        type: 3}
      propertyPath: m_LocalEulerAnglesHint.x
      value: 0
      objectReference: {fileID: 0}
    - target: {fileID: 9084682471553585280, guid: fd9807a5e8671eb4f98d34718bf76e39,
        type: 3}
      propertyPath: m_LocalEulerAnglesHint.y
      value: 0
      objectReference: {fileID: 0}
    - target: {fileID: 9084682471553585280, guid: fd9807a5e8671eb4f98d34718bf76e39,
        type: 3}
      propertyPath: m_LocalEulerAnglesHint.z
      value: 0
      objectReference: {fileID: 0}
    - target: {fileID: 9084682471553585280, guid: fd9807a5e8671eb4f98d34718bf76e39,
        type: 3}
      propertyPath: m_AnchoredPosition.x
      value: 0
      objectReference: {fileID: 0}
    - target: {fileID: 9084682471553585280, guid: fd9807a5e8671eb4f98d34718bf76e39,
        type: 3}
      propertyPath: m_AnchoredPosition.y
      value: 0
      objectReference: {fileID: 0}
    - target: {fileID: 9084682471553585280, guid: fd9807a5e8671eb4f98d34718bf76e39,
        type: 3}
      propertyPath: m_SizeDelta.x
      value: 0
      objectReference: {fileID: 0}
    - target: {fileID: 9084682471553585280, guid: fd9807a5e8671eb4f98d34718bf76e39,
        type: 3}
      propertyPath: m_SizeDelta.y
      value: 0
      objectReference: {fileID: 0}
    - target: {fileID: 9084682471553585280, guid: fd9807a5e8671eb4f98d34718bf76e39,
        type: 3}
      propertyPath: m_AnchorMin.x
      value: 0
      objectReference: {fileID: 0}
    - target: {fileID: 9084682471553585280, guid: fd9807a5e8671eb4f98d34718bf76e39,
        type: 3}
      propertyPath: m_AnchorMin.y
      value: 0
      objectReference: {fileID: 0}
    - target: {fileID: 9084682471553585280, guid: fd9807a5e8671eb4f98d34718bf76e39,
        type: 3}
      propertyPath: m_AnchorMax.x
      value: 0
      objectReference: {fileID: 0}
    - target: {fileID: 9084682471553585280, guid: fd9807a5e8671eb4f98d34718bf76e39,
        type: 3}
      propertyPath: m_AnchorMax.y
      value: 0
      objectReference: {fileID: 0}
    - target: {fileID: 9084682471553585280, guid: fd9807a5e8671eb4f98d34718bf76e39,
        type: 3}
      propertyPath: m_Pivot.x
      value: 0.5
      objectReference: {fileID: 0}
    - target: {fileID: 9084682471553585280, guid: fd9807a5e8671eb4f98d34718bf76e39,
        type: 3}
      propertyPath: m_Pivot.y
      value: 0.5
      objectReference: {fileID: 0}
    m_RemovedComponents: []
  m_SourcePrefab: {fileID: 100100000, guid: fd9807a5e8671eb4f98d34718bf76e39, type: 3}
--- !u!224 &5442621390890623676 stripped
RectTransform:
  m_CorrespondingSourceObject: {fileID: 9084682471553585280, guid: fd9807a5e8671eb4f98d34718bf76e39,
    type: 3}
  m_PrefabInstance: {fileID: 3862775399877521980}
  m_PrefabAsset: {fileID: 0}
--- !u!1001 &6750855334719155891
PrefabInstance:
  m_ObjectHideFlags: 0
  serializedVersion: 2
  m_Modification:
    m_TransformParent: {fileID: 3071030240210786221}
    m_Modifications:
    - target: {fileID: 173136992487138481, guid: fd9807a5e8671eb4f98d34718bf76e39,
        type: 3}
      propertyPath: m_FontData.m_Alignment
      value: 3
      objectReference: {fileID: 0}
    - target: {fileID: 173136992487138481, guid: fd9807a5e8671eb4f98d34718bf76e39,
        type: 3}
      propertyPath: m_Color.r
      value: 1
      objectReference: {fileID: 0}
    - target: {fileID: 173136992487138481, guid: fd9807a5e8671eb4f98d34718bf76e39,
        type: 3}
      propertyPath: m_Color.g
      value: 1
      objectReference: {fileID: 0}
    - target: {fileID: 173136992487138481, guid: fd9807a5e8671eb4f98d34718bf76e39,
        type: 3}
      propertyPath: m_Color.b
      value: 1
      objectReference: {fileID: 0}
    - target: {fileID: 173136992487138481, guid: fd9807a5e8671eb4f98d34718bf76e39,
        type: 3}
      propertyPath: m_Text
      value: 000
      objectReference: {fileID: 0}
    - target: {fileID: 173136992487138481, guid: fd9807a5e8671eb4f98d34718bf76e39,
        type: 3}
      propertyPath: m_FontData.m_BestFit
      value: 1
      objectReference: {fileID: 0}
    - target: {fileID: 173136992487138481, guid: fd9807a5e8671eb4f98d34718bf76e39,
        type: 3}
      propertyPath: m_FontData.m_MaxSize
      value: 55
      objectReference: {fileID: 0}
    - target: {fileID: 173136992487138481, guid: fd9807a5e8671eb4f98d34718bf76e39,
        type: 3}
      propertyPath: m_FontData.m_FontStyle
      value: 1
      objectReference: {fileID: 0}
    - target: {fileID: 4739230164300622956, guid: fd9807a5e8671eb4f98d34718bf76e39,
        type: 3}
      propertyPath: m_Name
      value: Arial-Text (1)
      objectReference: {fileID: 0}
    - target: {fileID: 9084682471553585280, guid: fd9807a5e8671eb4f98d34718bf76e39,
        type: 3}
      propertyPath: m_LocalPosition.x
      value: 0
      objectReference: {fileID: 0}
    - target: {fileID: 9084682471553585280, guid: fd9807a5e8671eb4f98d34718bf76e39,
        type: 3}
      propertyPath: m_LocalPosition.y
      value: 0
      objectReference: {fileID: 0}
    - target: {fileID: 9084682471553585280, guid: fd9807a5e8671eb4f98d34718bf76e39,
        type: 3}
      propertyPath: m_LocalPosition.z
      value: 0
      objectReference: {fileID: 0}
    - target: {fileID: 9084682471553585280, guid: fd9807a5e8671eb4f98d34718bf76e39,
        type: 3}
      propertyPath: m_LocalRotation.x
      value: -0
      objectReference: {fileID: 0}
    - target: {fileID: 9084682471553585280, guid: fd9807a5e8671eb4f98d34718bf76e39,
        type: 3}
      propertyPath: m_LocalRotation.y
      value: -0
      objectReference: {fileID: 0}
    - target: {fileID: 9084682471553585280, guid: fd9807a5e8671eb4f98d34718bf76e39,
        type: 3}
      propertyPath: m_LocalRotation.z
      value: -0
      objectReference: {fileID: 0}
    - target: {fileID: 9084682471553585280, guid: fd9807a5e8671eb4f98d34718bf76e39,
        type: 3}
      propertyPath: m_LocalRotation.w
      value: 1
      objectReference: {fileID: 0}
    - target: {fileID: 9084682471553585280, guid: fd9807a5e8671eb4f98d34718bf76e39,
        type: 3}
      propertyPath: m_RootOrder
      value: 1
      objectReference: {fileID: 0}
    - target: {fileID: 9084682471553585280, guid: fd9807a5e8671eb4f98d34718bf76e39,
        type: 3}
      propertyPath: m_LocalEulerAnglesHint.x
      value: 0
      objectReference: {fileID: 0}
    - target: {fileID: 9084682471553585280, guid: fd9807a5e8671eb4f98d34718bf76e39,
        type: 3}
      propertyPath: m_LocalEulerAnglesHint.y
      value: 0
      objectReference: {fileID: 0}
    - target: {fileID: 9084682471553585280, guid: fd9807a5e8671eb4f98d34718bf76e39,
        type: 3}
      propertyPath: m_LocalEulerAnglesHint.z
      value: 0
      objectReference: {fileID: 0}
    - target: {fileID: 9084682471553585280, guid: fd9807a5e8671eb4f98d34718bf76e39,
        type: 3}
      propertyPath: m_AnchoredPosition.x
      value: 0
      objectReference: {fileID: 0}
    - target: {fileID: 9084682471553585280, guid: fd9807a5e8671eb4f98d34718bf76e39,
        type: 3}
      propertyPath: m_AnchoredPosition.y
      value: 0
      objectReference: {fileID: 0}
    - target: {fileID: 9084682471553585280, guid: fd9807a5e8671eb4f98d34718bf76e39,
        type: 3}
      propertyPath: m_SizeDelta.x
      value: 0
      objectReference: {fileID: 0}
    - target: {fileID: 9084682471553585280, guid: fd9807a5e8671eb4f98d34718bf76e39,
        type: 3}
      propertyPath: m_SizeDelta.y
      value: 0
      objectReference: {fileID: 0}
    - target: {fileID: 9084682471553585280, guid: fd9807a5e8671eb4f98d34718bf76e39,
        type: 3}
      propertyPath: m_AnchorMin.x
      value: 0
      objectReference: {fileID: 0}
    - target: {fileID: 9084682471553585280, guid: fd9807a5e8671eb4f98d34718bf76e39,
        type: 3}
      propertyPath: m_AnchorMin.y
      value: 0
      objectReference: {fileID: 0}
    - target: {fileID: 9084682471553585280, guid: fd9807a5e8671eb4f98d34718bf76e39,
        type: 3}
      propertyPath: m_AnchorMax.x
      value: 0
      objectReference: {fileID: 0}
    - target: {fileID: 9084682471553585280, guid: fd9807a5e8671eb4f98d34718bf76e39,
        type: 3}
      propertyPath: m_AnchorMax.y
      value: 0
      objectReference: {fileID: 0}
    - target: {fileID: 9084682471553585280, guid: fd9807a5e8671eb4f98d34718bf76e39,
        type: 3}
      propertyPath: m_Pivot.x
      value: 0.5
      objectReference: {fileID: 0}
    - target: {fileID: 9084682471553585280, guid: fd9807a5e8671eb4f98d34718bf76e39,
        type: 3}
      propertyPath: m_Pivot.y
      value: 0.5
      objectReference: {fileID: 0}
    m_RemovedComponents: []
  m_SourcePrefab: {fileID: 100100000, guid: fd9807a5e8671eb4f98d34718bf76e39, type: 3}
--- !u!224 &2575106517558050355 stripped
RectTransform:
  m_CorrespondingSourceObject: {fileID: 9084682471553585280, guid: fd9807a5e8671eb4f98d34718bf76e39,
    type: 3}
  m_PrefabInstance: {fileID: 6750855334719155891}
  m_PrefabAsset: {fileID: 0}
